<?xml version="1.0" encoding="UTF-8"?>
  <record xmlns="http://www.loc.gov/MARC21/slim" type="Authority">
    <leader>00000nz  a2200000nc 4500</leader>
    <controlfield tag="001">104280301</controlfield>
    <controlfield tag="003">DE-101</controlfield>
    <controlfield tag="005">20170203163401.0</controlfield>
    <controlfield tag="008">961029n||aznnnaabn           | aaa    |c</controlfield>
    <datafield tag="024" ind1="7" ind2=" ">
      <subfield code="a">104280301</subfield>
      <subfield code="0">http://d-nb.info/gnd/104280301</subfield>
      <subfield code="2">gnd</subfield>
    </datafield>
    <datafield tag="035" ind1=" " ind2=" ">
      <subfield code="a">(DE-101)104280301</subfield>
    </datafield>
    <datafield tag="035" ind1=" " ind2=" ">
      <subfield code="a">(DE-588)104280301</subfield>
    </datafield>
    <datafield tag="035" ind1=" " ind2=" ">
      <subfield code="z">(DE-588a)104280301</subfield>
      <subfield code="9">v:zg</subfield>
    </datafield>
    <datafield tag="035" ind1=" " ind2=" ">
      <subfield code="z">(DE-588a)143985906</subfield>
    </datafield>
    <datafield tag="035" ind1=" " ind2=" ">
      <subfield code="z">(DE-588a)102848483</subfield>
    </datafield>
    <datafield tag="040" ind1=" " ind2=" ">
      <subfield code="a">DE-12</subfield>
      <subfield code="c">DE-12</subfield>
      <subfield code="9">r:DE-12</subfield>
      <subfield code="b">ger</subfield>
      <subfield code="d">9999</subfield>
    </datafield>
    <datafield tag="042" ind1=" " ind2=" ">
      <subfield code="a">gnd1</subfield>
    </datafield>
    <datafield tag="075" ind1=" " ind2=" ">
      <subfield code="b">p</subfield>
      <subfield code="2">gndgen</subfield>
    </datafield>
    <datafield tag="075" ind1=" " ind2=" ">
      <subfield code="b">piz</subfield>
      <subfield code="2">gndspec</subfield>
    </datafield>
    <datafield tag="079" ind1=" " ind2=" ">
      <subfield code="a">g</subfield>
      <subfield code="q">f</subfield>
      <subfield code="q">n</subfield>
    </datafield>
    <datafield tag="100" ind1="0" ind2=" ">
      <subfield code="a">Fridericus</subfield>
      <subfield code="c">de Heilo</subfield>
      <subfield code="d">ca. ca. 1400-1455</subfield>
    </datafield>
    <datafield tag="400" ind1="1" ind2=" ">
      <subfield code="a">Heilo, Fridericus &#152;de&#156;</subfield>
      <subfield code="d">ca. ca. 1400-1455</subfield>
    </datafield>
    <datafield tag="400" ind1="0" ind2=" ">
      <subfield code="a">Fridericus</subfield>
      <subfield code="c">a Heilo</subfield>
      <subfield code="d">ca. ca. 1400-1455</subfield>
    </datafield>
    <datafield tag="400" ind1="0" ind2=" ">
      <subfield code="a">Frederik</subfield>
      <subfield code="c">van Heilo</subfield>
      <subfield code="d">ca. ca. 1400-1455</subfield>
    </datafield>
    <datafield tag="400" ind1="0" ind2=" ">
      <subfield code="a">Friedrich</subfield>
      <subfield code="c">van Heilo</subfield>
      <subfield code="d">ca. ca. 1400-1455</subfield>
    </datafield>
    <datafield tag="400" ind1="0" ind2=" ">
      <subfield code="a">Frédéric</subfield>
      <subfield code="c">de Heilo</subfield>
      <subfield code="d">ca. ca. 1400-1455</subfield>
    </datafield>
    <datafield tag="400" ind1="1" ind2=" ">
      <subfield code="a">Heilo, Frederik &#152;van&#156;</subfield>
      <subfield code="d">ca. ca. 1400-1455</subfield>
      <subfield code="9">v:WBIS</subfield>
    </datafield>
    <datafield tag="400" ind1="1" ind2=" ">
      <subfield code="a">Heylous, Fredericus</subfield>
      <subfield code="d">ca. ca. 1400-1455</subfield>
    </datafield>
    <datafield tag="400" ind1="1" ind2=" ">
      <subfield code="a">Heylo, Frederik &#152;van&#156;</subfield>
      <subfield code="d">ca. ca. 1400-1455</subfield>
    </datafield>
    <datafield tag="400" ind1="1" ind2=" ">
      <subfield code="a">Heylo, Fredericus &#152;van&#156;</subfield>
      <subfield code="d">ca. ca. 1400-1455</subfield>
    </datafield>
    <datafield tag="400" ind1="1" ind2=" ">
      <subfield code="a">Heyloo, Frederik &#152;van&#156;</subfield>
      <subfield code="d">ca. ca. 1400-1455</subfield>
    </datafield>
    <datafield tag="400" ind1="1" ind2=" ">
      <subfield code="a">Heyloo, Fredericus &#152;ab&#156;</subfield>
      <subfield code="d">ca. ca. 1400-1455</subfield>
    </datafield>
    <datafield tag="400" ind1="1" ind2=" ">
      <subfield code="a">Heilo, Friedrich &#152;von&#156;</subfield>
      <subfield code="d">ca. ca. 1400-1455</subfield>
      <subfield code="9">v:ADB</subfield>
    </datafield>
    <datafield tag="400" ind1="0" ind2=" ">
      <subfield code="a">Fredericus</subfield>
      <subfield code="c">ab Heyloo</subfield>
      <subfield code="d">ca. ca. 1400-1455</subfield>
    </datafield>
    <datafield tag="400" ind1="0" ind2=" ">
      <subfield code="a">Fredericus</subfield>
      <subfield code="c">ab Heilo</subfield>
      <subfield code="d">ca. ca. 1400-1455</subfield>
    </datafield>
    <datafield tag="400" ind1="0" ind2=" ">
      <subfield code="a">Fredericus</subfield>
      <subfield code="c">Heyloensis</subfield>
      <subfield code="d">ca. ca. 1400-1455</subfield>
    </datafield>
    <datafield tag="400" ind1="0" ind2=" ">
      <subfield code="a">Fredericus</subfield>
      <subfield code="c">de Heyloo</subfield>
      <subfield code="d">ca. ca. 1400-1455</subfield>
    </datafield>
    <datafield tag="400" ind1="0" ind2=" ">
      <subfield code="a">Frederik</subfield>
      <subfield code="c">van Heylo</subfield>
      <subfield code="d">ca. ca. 1400-1455</subfield>
    </datafield>
    <datafield tag="400" ind1="0" ind2=" ">
      <subfield code="a">Friedrich</subfield>
      <subfield code="c">von Heilo</subfield>
      <subfield code="d">ca. ca. 1400-1455</subfield>
    </datafield>
    <datafield tag="548" ind1=" " ind2=" ">
      <subfield code="a">ca. ca. 1400-1455</subfield>
      <subfield code="4">datl</subfield>
      <subfield code="4">https://d-nb.info/standards/elementset/gnd#associatedDate</subfield>
      <subfield code="w">r</subfield>
      <subfield code="i">Lebensdaten</subfield>
    </datafield>
    <datafield tag="667" ind1=" " ind2=" ">
      <subfield code="a">12</subfield>
    </datafield>
    <datafield tag="667" ind1=" " ind2=" ">
      <subfield code="a">VD-17</subfield>
    </datafield>
    <datafield tag="670" ind1=" " ind2=" ">
      <subfield code="a">Rep.Font. IV,558; LThK</subfield>
    </datafield>
    <datafield tag="672" ind1=" " ind2="0">
      <subfield code="a">Tractatus Insignis Contra pluralitatem Confessorum In Regimine Sororum, Omnium Sanctimonialium, Virginumque devotarum Rectoribus Perutilis, ac necessarius. - 1687</subfield>
    </datafield>
    <datafield tag="678" ind1=" " ind2=" ">
      <subfield code="b">Priester; Kirchenschriftsteller; Liber de fundatione domus regularium prope Haarlem</subfield>
    </datafield>
    <datafield tag="913" ind1=" " ind2=" ">
      <subfield code="S">pnd</subfield>
      <subfield code="i">5</subfield>
      <subfield code="a">Fridericus &lt;de Heilo&gt;</subfield>
      <subfield code="0">(DE-588a)104280301</subfield>
    </datafield>
  </record>
